<?xml version="1.0" encoding="UTF-8"?><collection xmlns="http://www.loc.gov/MARC21/slim"><record><leader>00389nam--2200121-i-4500</leader><controlfield tag="001">000026773</controlfield><controlfield tag="002">20161230</controlfield><controlfield tag="005">20161230201036</controlfield><controlfield tag="008">060222s1000------------r-----000-0-eng-d</controlfield><datafield ind1=" " ind2=" " tag="100"><subfield code="a">Kleinert, H.And Uberall, H</subfield></datafield><datafield ind1=" " ind2=" " tag="245"><subfield code="a">Electron scattering, photoexcitation and nuclear models. baryon current solving su(3) charge-current algebra</subfield></datafield><datafield ind1=" " ind2=" " tag="260"><subfield code="a">Berlin, Springer-verlag, 1969, 146p</subfield></datafield><datafield ind1=" " ind2=" " tag="852"><subfield code="a">506</subfield></datafield></record></collection>